
@book{esimerkki,
  title = {Graph Theory},
  author = {Reinhard Diestel},
  publisher = {Springer},
  year = {2005},
  address = {Berliini},
  edition = {3.}
}

@INPROCEEDINGS{jees, 
author={Chen Tianhuang and Xu Xiaoguang}, 
booktitle={E-Health Networking, Digital Ecosystems and Technologies (EDT), 2010 International Conference on}, 
title={Digital signature in the application of e-commerce security}, 
year={2010}, 
month={April}, 
volume={1}, 
pages={366-369}, 
keywords={Internet;cryptography;digital signatures;electronic commerce;Internet;data transmission;digital signature algorithm;e-commerce security;trading party;Application software;Business;Computer science;Computer security;Cryptography;Data security;Digital signatures;Ecosystems;Information security;Internet;DSA algorithm;digital signature;e-commerce}, 
doi={10.1109/EDT.2010.5496558},
}

@book{1,
title={Book},
author={Author}
}
