
@INPROCEEDINGS{e-c, 
author={Chen Tianhuang and Xu Xiaoguang}, 
booktitle={E-Health Networking, Digital Ecosystems and Technologies (EDT), 2010 International Conference on}, 
title={Digital signature in the application of e-commerce security}, 
year={2010}, 
month={April}, 
volume={1}, 
pages={366-369}, 
keywords={Internet;cryptography;digital signatures;electronic commerce;Internet;data transmission;digital signature algorithm;e-commerce security;trading party;Application software;Business;Computer science;Computer security;Cryptography;Data security;Digital signatures;Ecosystems;Information security;Internet;DSA algorithm;digital signature;e-commerce}, 
doi={10.1109/EDT.2010.5496558}
}

@inproceedings{gene,
 author = {Lei, Yu and Chen, Deren and Jiang, Zhongding},
 title = {Generating Digital Signatures on Mobile Devices},
 booktitle = {Proceedings of the 18th International Conference on Advanced Information Networking and Applications - Volume 2},
 series = {AINA '04},
 year = {2004},
 isbn = {0-7695-2051-0},
 pages = {532--},
 url = {http://dl.acm.org/citation.cfm?id=977394.977538},
 acmid = {977538},
 publisher = {IEEE Computer Society},
 address = {Washington, DC, USA},
} 

@inproceedings{joint,
 author = {He, Li-Sha and Zhang, Ning},
 title = {A New Signature Scheme: Joint-signature},
 booktitle = {Proceedings of the 2004 ACM Symposium on Applied Computing},
 series = {SAC '04},
 year = {2004},
 isbn = {1-58113-812-1},
 location = {Nicosia, Cyprus},
 pages = {807--812},
 numpages = {6},
 url = {http://doi.acm.org/10.1145/967900.968066},
 doi = {10.1145/967900.968066},
 acmid = {968066},
 publisher = {ACM},
 address = {New York, NY, USA},
 keywords = {M-Commerce, M-Payment, digital signature, security protocol},
}

@inproceedings{enti,
 author = {Schwab, David and Yang, Li},
 title = {Entity Authentication in a Mobile-cloud Environment},
 booktitle = {Proceedings of the Eighth Annual Cyber Security and Information Intelligence Research Workshop},
 series = {CSIIRW '13},
 year = {2013},
 isbn = {978-1-4503-1687-3},
 location = {Oak Ridge, Tennessee},
 pages = {42:1--42:4},
 articleno = {42},
 numpages = {4},
 url = {http://doi.acm.org/10.1145/2459976.2460024},
 doi = {10.1145/2459976.2460024},
 acmid = {2460024},
 publisher = {ACM},
 address = {New York, NY, USA},
 keywords = {fuzzy password, mobile security, picture authentication},
}

@inproceedings{proxy,
 author = {Samadani, Mohammad Hasan and Shajari, Mehdi and Ahaniha, Mohammad Mehdi},
 title = {Self-Proxy Mobile Signature: A New Client-Based Mobile Signature Model},
 booktitle = {Proceedings of the 2010 IEEE 24th International Conference on Advanced Information Networking and Applications Workshops},
 series = {WAINA '10},
 year = {2010},
 isbn = {978-0-7695-4019-1},
 pages = {437--442},
 numpages = {6},
 url = {http://dx.doi.org/10.1109/WAINA.2010.125},
 doi = {10.1109/WAINA.2010.125},
 acmid = {1829743},
 publisher = {IEEE Computer Society},
 address = {Washington, DC, USA},
} 

@INPROCEEDINGS{moen, 
author={Campbell, S.}, 
booktitle={Enabling Technologies: Infrastructure for Collaborative Enterprises, 2003. WET ICE 2003. Proceedings. Twelfth IEEE International Workshops on}, 
title={Supporting digital signatures in mobile environments}, 
year={2003}, 
month={June}, 
pages={238-242}, 
keywords={authorisation;message authentication;mobile communication;public key cryptography;digital signature systems;mobile environment;public key cryptography;Computer science;Decision support systems;Digital signatures;Printers;Privacy;Protection;Public key;Public key cryptography;Security;Workstations}, 
doi={10.1109/ENABL.2003.1231414}, 
ISSN={1080-1383},
}

@inproceedings{ECC,
 author = {Ray, Sangram and Biswas, G. P.},
 title = {An ECC Based Public Key Infrastructure Usable for Mobile Applications},
 booktitle = {Proceedings of the Second International Conference on Computational Science, Engineering and Information Technology},
 series = {CCSEIT '12},
 year = {2012},
 isbn = {978-1-4503-1310-0},
 location = {Coimbatore UNK, India},
 pages = {562--568},
 numpages = {7},
 url = {http://doi.acm.org/10.1145/2393216.2393310},
 doi = {10.1145/2393216.2393310},
 acmid = {2393310},
 publisher = {ACM},
 address = {New York, NY, USA},
 keywords = {Certificate Authority (CA), Mobile Home Agent (MHA), Public Key Infrastructure (PKI), Registration Authority (RA), certificate management protocol (CMP), elliptic curve cryptography (ECC), wireless application protocol (WAP), wireless certificate management protocol (WCMP)},
}

@inproceedings{gsm,
 author = {Saxena, N. and Chaudhari, N.S.},
 title = {A Secure Approach for SMS in GSM Network},
 booktitle = {Proceedings of the CUBE International Information Technology Conference},
 series = {CUBE '12},
 year = {2012},
 isbn = {978-1-4503-1185-4},
 location = {Pune, India},
 pages = {59--64},
 numpages = {6},
 url = {http://doi.acm.org/10.1145/2381716.2381729},
 doi = {10.1145/2381716.2381729},
 acmid = {2381729},
 publisher = {ACM},
 address = {New York, NY, USA},
 keywords = {AES, DES, DSA, RSA, asymmetric encryption, block cipher},
}

@INPROCEEDINGS{webs,
author={Zuguang Xuan and Zhenjun Du and Rong Chen},
booktitle={Management and Service Science, 2009. MASS '09. International Conference on},
title={Comparison Research on Digital Signature Algorithms in Mobile Web Services},
year={2009},
month={Sept},
pages={1-4},
keywords={Web services;digital signatures;mobile computing;DSA;ECDSA;Java ME;RSA;digital signature algorithm;mobile Web services;mobile client;mobile device emulators;mobile information system;Algorithm design and analysis;Cryptography;Data security;Digital signatures;Information security;Information systems;Java;Switches;Web services;XML},
doi={10.1109/ICMSS.2009.5301198},} 

@ONLINE{nist,
title = {SHA-3 STANDARDIZATION},
month = feb,
year = {2014},
url = {http://csrc.nist.gov/groups/ST/hash/sha-3/sha-3_standardization.html}
}

@ONLINE{math1,
title = {RSA Encryption},
month = feb,
year = {2014},
url = {http://mathworld.wolfram.com/RSAEncryption.html}
}

@ONLINE{math2,
title = {Diffie-Hellman Protocol},
month = feb,
year = {2014},
url = {http://mathworld.wolfram.com/Diffie-HellmanProtocol.html}
}

@ONLINE{cong,
title = {Congruence},
month = apr,
year = {2014},
url = {http://mathworld.wolfram.com/Congruence.html}
}

@ONLINE{rel,
title = {Relatively Prime},
month = apr,
year = {2014},
url = {http://mathworld.wolfram.com/RelativelyPrime.html}
}

@ONLINE{tot,
title = {Totient Function},
month = apr,
year = {2014},
url = {http://mathworld.wolfram.com/TotientFunction.html}
}

@ONLINE{prim,
title = {Primitive Root},
month = apr,
year = {2014},
url = {http://mathworld.wolfram.com/PrimitiveRoot.html}
}

@ONLINE{disc,
title = {Discrete Logarithm},
month = apr,
year = {2014},
url = {http://mathworld.wolfram.com/DiscreteLogarithm.html}
}

@ONLINE{estonia,
title = {Facts about e-Estonia},
month = apr,
year = {2014},
url = {https://www.ria.ee/facts-about-e-estonia/}
}

@ONLINE{mobiva,
title = {Mobiilivarmennus k√§ynnistyy Suomessa},
month = apr,
year = {2014},
url = {http://www.mobiilivarmenne.fi/fi/bulletin/mobiilivarmennus-kaynnistyy-suomessa}
}

@INPROCEEDINGS{MAC,
author={Saxena, N. and Chaudhari, N.S. and Prajapati, G.L.},
booktitle={Industrial Electronics and Applications (ICIEA), 2012 7th IEEE Conference on},
title={An extended approach for SMS security using authentication functions},
year={2012},
month={July},
pages={663-668},
keywords={data integrity;digital signatures;error detection codes;mobile commerce;public key cryptography;telecommunication security;Diffie-Hellman algorithm;M-commerce;MAC functions;MD5 functionality;RSA;SHA1 functionality;SMS security;asymmetric algorithm;authentication functions;checksum;data integrity;digital signature;error detecting code;hash functions;message authentication code;message encryption;message integrity;mobile banking system;mobile commerce;password key exchange protocol;secret shared key;value added services;Authentication;Digital signatures;Encryption;Protocols;Public key;GSM;SMS security;authentication function;public key cryptography},
doi={10.1109/ICIEA.2012.6360809},}

@inproceedings{MACA,
 author = {Dodis, Yevgeniy and Kiltz, Eike and Pietrzak, Krzysztof},
 title = {Message Authentication, Revisited},
 booktitle = {Proceedings of the 31st Annual International Conference on Theory and Applications of Cryptographic Techniques},
 series = {EUROCRYPT'12},
 year = {2012},
 isbn = {978-3-642-29010-7},
 location = {Cambridge, UK},
 pages = {361},
 numpages = {20},
 url = {http://dx.doi.org/10.1007/978-3-642-29011-4_22},
 doi = {10.1007/978-3-642-29011-4_22},
 acmid = {2260879},
 publisher = {Springer-Verlag},
 address = {Berlin, Heidelberg},
}

@inproceedings{secure,
 author = {Schl\"{o}glhofer, Roland and Sametinger, Johannes},
 title = {Secure and Usable Authentication on Mobile Devices},
 booktitle = {Proceedings of the 10th International Conference on Advances in Mobile Computing \&\#38; Multimedia},
 series = {MoMM '12},
 year = {2012},
 isbn = {978-1-4503-1307-0},
 location = {Bali, Indonesia},
 pages = {257--262},
 numpages = {6},
 url = {http://doi.acm.org/10.1145/2428955.2429004},
 doi = {10.1145/2428955.2429004},
 acmid = {2429004},
 publisher = {ACM},
 address = {New York, NY, USA},
 keywords = {Android, authentication, lock screen, mobile devices, security, usability},
 }

@INPROCEEDINGS{cell,
author={Jaiswal, C. and Kumar, V.},
booktitle={Reliable Distributed Systems (SRDS), 2012 IEEE 31st Symposium on},
title={Pairwise Key Generation Scheme for Cellular Mobile Communication},
year={2012},
month={Oct},
pages={412-417},
keywords={cellular radio;cryptography;telecommunication security;cellular mobile communication;communication security;cryptography;key broadcast;mobile nodes;pairwise key generation scheme;universal key space;Authentication;Encryption;Mobile nodes;Key distribution;asymmetric;cryptography;key generation;location parameters;security;symmetric},
doi={10.1109/SRDS.2012.48},
ISSN={1060-9857},}

@INPROCEEDINGS{sms,
author={Minglei Shu and Chengxiang Tan and Haihang Wang},
booktitle={Services Science, Management and Engineering, 2009. SSME '09. IITA International Conference on},
title={Mobile Authentication Scheme Using SMS},
year={2009},
month={July},
pages={161-164},
keywords={electronic messaging;internetworking;message authentication;mobile handsets;mobile radio;digital certificate;identity authentication;mobile authentication;mobile network resources;mobile phones;short messaging service;Authentication;Communication system security;Cryptography;Databases;Mobile handsets;Personal digital assistants;Protocols;Public key;Smart phones;Topology;Mobile Authentication;Mutual Authentication;Non-repudiation;SMS},
doi={10.1109/SSME.2009.43},}

@article{siam,
 author = {Goldwasser, Shafi and Micali, Silvio and Rivest, Ronald L.},
 title = {A Digital Signature Scheme Secure Against Adaptive Chosen-message Attacks},
 journal = {SIAM J. Comput.},
 issue_date = {April 1988},
 volume = {17},
 number = {2},
 month = apr,
 year = {1988},
 issn = {0097-5397},
 pages = {281--308},
 numpages = {28},
 url = {http://dx.doi.org/10.1137/0217017},
 doi = {10.1137/0217017},
 acmid = {45480},
 publisher = {Society for Industrial and Applied Mathematics},
 address = {Philadelphia, PA, USA},
}

@INPROCEEDINGS{vpn,
author={Dingguo Yu and Nan Chen and Chengxiang Tan},
booktitle={Education Technology and Computer Science, 2009. ETCS '09. First International Workshop on},
title={Design and Implementation of Mobile Security Access System (MSAS) Based on SSL VPN},
year={2009},
month={March},
volume={3},
pages={152-155},
keywords={Internet;mobile computing;security of data;telecommunication security;virtual private networks;Internet;SSL VPN;authentication mechanism;fixed-IP network;message transmission;mobile communication network;mobile device;mobile security access system;security risk;smart card;wireless connection;3G mobile communication;Authentication;Business;Communication system security;GSM;Ground penetrating radar;IP networks;Multiaccess communication;Smart cards;Virtual private networks;Mobile Computing;Secure Socket Layer (SSL);Security and Protection;Virtual Private Networks (VPN)},
doi={10.1109/ETCS.2009.559},}

@article{RSA78,
 author = {Rivest, R. L. and Shamir, A. and Adleman, L.},
 title = {A Method for Obtaining Digital Signatures and Public-key Cryptosystems},
 journal = {Commun. ACM},
 issue_date = {Feb. 1978},
 volume = {21},
 number = {2},
 month = feb,
 year = {1978},
 issn = {0001-0782},
 pages = {120--126},
 numpages = {7},
 url = {http://doi.acm.org/10.1145/359340.359342},
 doi = {10.1145/359340.359342},
 acmid = {359342},
 publisher = {ACM},
 address = {New York, NY, USA},
 keywords = {authentication, cryptography, digital signatures, electronic funds transfer, electronic mail, factorization, message-passing, prime number, privacy, public-key cryptosystems, security},
}

@ARTICLE{DH76,
author={Diffie, W. and Hellman, M.E.},
journal={Information Theory, IEEE Transactions on},
title={New directions in cryptography},
year={1976},
month={Nov},
volume={22},
number={6},
pages={644-654},
keywords={Cryptography;Application software;Communication system security;Computer aided instruction;Computer networks;Costs;Hardware;Information theory;Postal services;Public key cryptography;Telecommunication computing},
doi={10.1109/TIT.1976.1055638},
ISSN={0018-9448},}

     
 


